@article{Xing,
  author        = "Zhengrong Xing, Peter Carbonetto, Matthew Stephens",
  title         = "Flexible Signal Denoising via Flexible Empirical Bayes Shrinkage",
  journal       = "Journal of Machine Learning Research",
  year          = "2021"
}


@article{Stephens,
  author        = "Matthew Stephens",
  title         = "False discovery rates: a new deal",
  journal       = "Biostatistics",
  year          = "2017"
}




